@article{lee2021multistep,
  title = {A Nonmyopic Approach to Cost-Constrained Bayesian Optimization},
  author = {Lee, David Eriksson, and Valerio Perrone, Valerio and Matthias Seeger},
  journal = {arXiv preprint arXiv:2106.06079},
  year = {2021},
  url = {https://arxiv.org/pdf/2106.06079},
}

@article{lamwilcox2017,
title = {Lookahead Bayesian Optimization with Inequality Constraints},
author = {Remi Lam and Karen Willcox},
year = {2017},
url = {https://papers.nips.cc/paper_files/paper/2017/file/83f97f4825290be4cb794ec6a234595f-Paper.pdf}
}

@article{zhang2019high,
  title = {High Dimensional Bayesian Optimization via Supervised Dimension Reduction},
  author = {Zhang, Miao and Li, Huiqi and Su, Steven},
  journal = {arXiv preprint arXiv:1907.08953},
  year = {2019},
  url = {https://arxiv.org/abs/1907.08953},
}

@inproceedings{wu2019practical,
  title = {Practical Two-Step Lookahead Bayesian Optimization},
  author = {Wu, Jian and Frazier, Peter},
  booktitle = {Advances in Neural Information Processing Systems 32 (NeurIPS)},
  year = {2019},
  url = {https://papers.nips.cc/paper_files/paper/2019/hash/2e6d9c6052e99fcdfa61d9b9da273ca2-Abstract.html},
}
