@article{lee2021multistep,
  title = {A Nonmyopic Approach to Cost-Constrained Bayesian Optimization}, author = {Lee, David Eriksson, and Valerio Perrone, Valerio and Matthias Seeger}, journal = {arXiv preprint arXiv:2106.06079},
  year = {2021},
  url = {https://arxiv.org/pdf/2106.06079},
}

@article{lamwilcox2017,
title = {Lookahead Bayesian Optimization with Inequality Constraints},
author = {Remi Lam and Karen Willcox},
year = {2017},
url = {https://papers.nips.cc/paper_files/paper/2017/file/83f97f4825290be4cb794ec6a234595f-Paper.pdf}
}

@article{zhang2019high,
  title = {High Dimensional Bayesian Optimization via Supervised Dimension Reduction},
  author = {Zhang, Miao and Li, Huiqi and Su, Steven},
  journal = {arXiv preprint arXiv:1907.08953},
  year = {2019},
  url = {https://arxiv.org/abs/1907.08953},
}

@inproceedings{wu2019practical,
  title = {Practical Two-Step Lookahead Bayesian Optimization},
  author = {Wu, Jian and Frazier, Peter},
  booktitle = {Advances in Neural Information Processing Systems 32 (NeurIPS)},
  year = {2019},
  url = {https://papers.nips.cc/paper_files/paper/2019/hash/2e6d9c6052e99fcdfa61d9b9da273ca2-Abstract.html},
}

@book{Rasmussen2006Gaussian,
  added-at = {2019-03-04T22:26:50.000+0100},
  author = {Rasmussen, Carl Edward and Williams, Christopher K. I.},
  biburl = {https://www.bibsonomy.org/bibtex/21bf82350cc051367b8c7828a86c9dc0a/rwhender},
  crossref = {026218253X},
  file = {:gaussian process book.pdf:PDF},
  interhash = {72c030472023000e0bdeeb06081c3764},
  intrahash = {1bf82350cc051367b8c7828a86c9dc0a},
  keywords = {imported},
  owner = {wesley},
  publisher = {The MIT Press},
  timestamp = {2019-03-04T22:29:38.000+0100},
  title = {Gaussian Processes for Machine Learning},
  year = 2006
}

@article{Lam2016,
	Author = {Lam, Remi R. and Willcox, Karen E. and Wolpert, David H.},
	Journal = {Advances in Neural Information Processing Systems},
	Number = {Nips},
	Pages = {883--891},
	Title = {{Bayesian optimization with a finite budget: An approximate dynamic programming approach}},
	Year = {2016}}

@book{Sutton1998,
  added-at = {2019-07-13T10:11:53.000+0200},
  author = {Sutton, Richard S. and Barto, Andrew G.},
  biburl = {https://www.bibsonomy.org/bibtex/2f46601cf8b13d39d1378af0d79438b12/lanteunis},
  edition = {Second},
  interhash = {ac6b144aaec1819919a2fba9f705c852},
  intrahash = {f46601cf8b13d39d1378af0d79438b12},
  keywords = {},
  publisher = {The MIT Press},
  timestamp = {2019-07-13T10:11:53.000+0200},
  title = {Reinforcement Learning: An Introduction},
  url = {http://incompleteideas.net/book/the-book-2nd.html},
  year = {2018 }}

@article{Jones1998,
	author = {Jones, Donald R and Schonlau, Matthias and {W. J. Welch}},
	journal = {Journal of Global Optimization},
	pages = {455--492},
	title = {{Efficient Global Optimization of Expensive Black-Box Functions," , vol. 13, no. 4, pp. 455-492, 1998.}},
	volume = {13},
	year = {1998}}

@book{puterman2014markov,
  added-at = {2017-04-07T12:13:11.000+0200},
  author = {Puterman, Martin L},
  biburl = {https://www.bibsonomy.org/bibtex/22e7ac99cd30c4892171e5a7cef1bc7a7/becker},
  interhash = {6cec8f775a265d8741171d17e4a4e7d0},
  intrahash = {2e7ac99cd30c4892171e5a7cef1bc7a7},
  keywords = {inthesis diss markov chain decision process citedby:scholar:count:9594 citedby:scholar:timestamp:2017-4-7},
  publisher = {John Wiley \& Sons},
  timestamp = {2017-04-07T12:13:11.000+0200},
  title = {Markov decision processes: discrete stochastic dynamic programming},
  year = 2014
}